@inproceedings{DBLP:conf/middleware/DumitrasN09a,
  author    = {Tudor Dumitras and
               Priya Narasimhan},
  title     = {Toward upgrades-as-a-service in distributed systems},
  booktitle = {Middleware (Companion)},
  year      = {2009},
  pages     = {29},
  ee        = {http://portal.acm.org/citation.cfm?id=1657019{\&}CFID=19943241{\&}CFTOKEN=14084437},
  crossref  = {DBLP:conf/middleware/2008comp},
  bibsource = {DBLP, http://dblp.uni-trier.de}
}
@proceedings{DBLP:conf/middleware/2008comp,
  editor    = {Fred Douglis},
  title     = {Middleware 2008, ACM/IFIP/USENIX 9th International Middleware
               Conference, Leuven, Belgium, December 1-5, 2008, Companion
               Proceedings},
  booktitle = {Middleware (Companion)},
  publisher = {ACM},
  year      = {2008},
  isbn      = {978-1-60558-369-3},
  bibsource = {DBLP, http://dblp.uni-trier.de}
}
@inproceedings{DBLP:dblp_conf/nca/CorreiaPRCVOG07, 
   author={Alfrânio Correia Jr. and José Pereira and Luís Rodrigues and Nuno Carvalho and Ricardo Vilaça and Rui Carlos Oliveira and Susana Guedes and Susana Guedes}, 
   title={GORDA: An Open Architecture for Database Replication.}, 
   booktitle={NCA}, 
   year={2007}, 
   pages={287-290}, 
   ee={http://doi.ieeecomputersociety.org/10.1109/NCA.2007.26}, 
   crossref={2007}, 
  }
@misc{ wiki:SchemaChangeChart,
	 author = "MediaWiki",
	 title = "Proposed Database Schema Changes/October 2004 --- MediaWiki{,} The Free Wiki Engine",
   year = "2007",
   url = "http://www.mediawiki.org/w/index.php?title=Proposed_Database_Schema_Changes/October_2004&oldid=78168",
	 note = "[Online; accessed 2-February-2012]"
  }


